/home/dan/phd/references.bib